@INPROCEEDINGS{seismic_spark, 
  author = {Yuzhong Yan and Lei Huang and Liqi Yi}, 
  booktitle = {Big Data (Big Data), 2015 IEEE International Conference on}, 
  title = {Is Apache Spark scalable to seismic data analytics and computations?}, 
  year = {2015}, 
  pages = {2036-2045},
  doi = {10.1109/BigData.2015.7363985}, 
  month = {Oct}
}

@article{les_analysis,
  author = {Hiromasa Nakayama and Tetsuya Takemi and Haruyasu Nagai},
  title = {Les analysis of the aerodynamic surface properties for turbulent flows over building arrays with various geometries},
  journal = {Journal of Applied Meteorology and Climatology},
  year = {2011},
  pages = {1692-1712},
  volume = {50(8)}
}

@article{les, 
  author = {Hiromasa Nakayama and Tetsuya Takemi and Haruyasu Nagai},
  title = {Large-eddy simulation of
urban boundary-layer flows by generating turbulent inflows from mesoscale meteorological simulations},
  journal = {Atmospheric Science Letters},
  year = {2012},
  pages = {180-186},
  volume = {13(3)}
}

@misc{les_wim,
  author    = {Wim Vanderbauwhede},
  title     = {{Model Coupling between the Weather Research and Forecasting Model and the DPRI Large Eddy Simulator
              for Urban Flows on GPU accelerated Multicore Systems}},
  year      = {2015},
  month     = {April},
  howpublished = "\url{http://arxiv.org/abs/1504.02264}",
  note      = {[Online; accessed 12/03/2016]}
}

@misc{les_mpi,
  author    = {Gordon Reid},
  title     = {{Exploring the parallelisation of the Large Eddy Simulation
                using MPI and the Glasgow Model Coupling Framework}},
  year      = {2015}
}

@article{les_palm,
   author    = {Siegfried Raasch and Michael Schröter},
   title     = {{PALM – A large-eddy simulation model performing on massively parallel computers}},
   journal   = {Meteorologische Zeitschrift},
   year      = {2001},
   volume    = {10},
   number    = {5},
   pages     = {363-372}
}

@misc{map_reduce,
  author    = {Jeffrey Dean and Sanjay Ghemawat},
  title     = {{MapReduce: Simplified Data Processing on Large Clusters}},
  year      = {2004},
  howpublished = "\url{http://static.googleusercontent.com/media/research.google.com/es/us/archive/mapreduce-osdi04.pdf}",
  note      = {[Online; accessed 13/03/2016]}
}

@book{learning_spark,
  author    = {Matei Zaharia and Patrick Wendell and Andy Konwinski and Holden Karau}, 
  title     = {Learning Spark},
  publisher = {O'Reilly Media, Inc.},
  year      = {2015},
  month     = {February},
  note      = {[Online; accessed 18/03/2016; \url{https://www.safaribooksonline.com/library/view/learning-spark/9781449359034/}]},
  isbn      = {9781449359034}
}
